<record><leader>00000cas a2200000 a 4500</leader><controlfield tag="001">35848586</controlfield><controlfield tag="008">961105c19969999nyuwr ne      0    0eng c</controlfield><datafield ind1=" " ind2=" " tag="010"><subfield code="a">sn 96083627 </subfield></datafield><datafield ind1=" " ind2=" " tag="040"><subfield code="a">NYS</subfield><subfield code="b">eng</subfield><subfield code="c">NYS</subfield><subfield code="d">OCLCQ</subfield><subfield code="d">OCLCF</subfield><subfield code="d">OCLCO</subfield></datafield><datafield ind1="1" ind2=" " tag="029"><subfield code="a">AU@</subfield><subfield code="b">000012971790</subfield></datafield><datafield ind1=" " ind2=" " tag="037"><subfield code="b">The Southampton Press, Box 1207, Southampton, NY 11969</subfield></datafield><datafield ind1=" " ind2=" " tag="042"><subfield code="a">pcc</subfield></datafield><datafield ind1=" " ind2=" " tag="043"><subfield code="a">n-us-ny</subfield></datafield><datafield ind1="0" ind2=" " tag="130"><subfield code="a">Southampton press (Hampton Bays, N.Y.)</subfield></datafield><datafield ind1="1" ind2="0" tag="245"><subfield code="a">Southampton press.</subfield></datafield><datafield ind1="1" ind2="3" tag="246"><subfield code="a">Southampton press, western edition</subfield></datafield><datafield ind1="1" ind2="3" tag="246"><subfield code="a">Hampton chronicle-news</subfield></datafield><datafield ind1=" " ind2=" " tag="250"><subfield code="a">Western ed.</subfield></datafield><datafield ind1=" " ind2=" " tag="260"><subfield code="a">Hampton Bays, N.Y. :</subfield><subfield code="b">Southampton Press Pub. Co.,</subfield><subfield code="c">1996-</subfield></datafield><datafield ind1=" " ind2=" " tag="300"><subfield code="a">v. :</subfield><subfield code="b">ill.</subfield></datafield><datafield ind1=" " ind2=" " tag="310"><subfield code="a">Weekly</subfield></datafield><datafield ind1="0" ind2=" " tag="362"><subfield code="a">May 2, 1996-</subfield></datafield><datafield ind1=" " ind2=" " tag="500"><subfield code="a">Later published at Hampton Bays and Westhampton Beach, N.Y.</subfield></datafield><datafield ind1=" " ind2=" " tag="588"><subfield code="a">Latest issue consulted: May 9, 1996.</subfield></datafield><datafield ind1=" " ind2="0" tag="651"><subfield code="a">Hampton Bays (N.Y.)</subfield><subfield code="v">Newspapers.</subfield></datafield><datafield ind1=" " ind2="0" tag="651"><subfield code="a">Westhampton Beach (N.Y.)</subfield><subfield code="v">Newspapers.</subfield></datafield><datafield ind1=" " ind2="0" tag="651"><subfield code="a">Southampton (N.Y.)</subfield><subfield code="v">Newspapers.</subfield></datafield><datafield ind1=" " ind2="0" tag="651"><subfield code="a">Suffolk County (N.Y.)</subfield><subfield code="v">Newspapers.</subfield></datafield><datafield ind1=" " ind2="7" tag="655"><subfield code="a">Newspapers.</subfield><subfield code="2">fast</subfield><subfield code="0">(OCoLC)fst01423814</subfield></datafield><datafield ind1=" " ind2="7" tag="651"><subfield code="a">New York (State)</subfield><subfield code="z">Hampton Bays.</subfield><subfield code="2">fast</subfield><subfield code="0">(OCoLC)fst01256045</subfield></datafield><datafield ind1=" " ind2="7" tag="651"><subfield code="a">New York (State)</subfield><subfield code="z">Southampton.</subfield><subfield code="2">fast</subfield><subfield code="0">(OCoLC)fst01226811</subfield></datafield><datafield ind1=" " ind2="7" tag="651"><subfield code="a">New York (State)</subfield><subfield code="z">Suffolk County.</subfield><subfield code="2">fast</subfield><subfield code="0">(OCoLC)fst01207260</subfield></datafield><datafield ind1=" " ind2="7" tag="651"><subfield code="a">New York (State)</subfield><subfield code="z">Westhampton Beach.</subfield><subfield code="2">fast</subfield><subfield code="0">(OCoLC)fst01217460</subfield></datafield><datafield ind1=" " ind2=" " tag="752"><subfield code="a">United States</subfield><subfield code="b">New York</subfield><subfield code="c">Suffolk</subfield><subfield code="d">Hampton Bays.</subfield></datafield><datafield ind1=" " ind2=" " tag="752"><subfield code="a">United States</subfield><subfield code="b">New York</subfield><subfield code="c">Suffolk</subfield><subfield code="d">Westhampton Beach.</subfield></datafield><datafield ind1="0" ind2=" " tag="775"><subfield code="t">Southampton press (Southampton, N.Y.)</subfield><subfield code="w">(DLC)sn 83007173</subfield><subfield code="w">(OCoLC)9320230</subfield></datafield><datafield ind1="0" ind2="0" tag="780"><subfield code="t">Hampton chronicle-news</subfield><subfield code="w">(DLC)sn 94057937</subfield><subfield code="w">(OCoLC)31231903</subfield></datafield></record>